@misc{gaudet2018deep,
    title={Deep Quaternion Networks}, 
    author={Chase Gaudet and Anthony Maida},
    year={2018},
    eprint={1712.04604},
    archivePrefix={arXiv},
    primaryClass={cs.NE}
}