@article{iot,
  title={That ‘internet of things’ thing},
  author={Ashton, Kevin and others},
  journal={RFID journal},
  volume={22},
  number={7},
  pages={97--114},
  year={2009}
}

@article{armbrust2010view,
  title={A view of cloud computing},
  author={Armbrust, Michael and Fox, Armando and Griffith, Rean and Joseph, Anthony D and Katz, Randy and Konwinski, Andy and Lee, Gunho and Patterson, David and Rabkin, Ariel and Stoica, Ion and others},
  journal={Communications of the ACM},
  volume={53},
  number={4},
  pages={50--58},
  year={2010},
  publisher={ACM New York, NY, USA}
}

@misc{redhat, 
  title={What's a Linux container?}, 
  url={https://www.redhat.com/en/topics/containers/whats-a-linux-container}, 
  journal={Red Hat - We make open source technologies for the enterprise}, 
  publisher={Red Hat}, 
  year={2018}, 
  month={Jan}
}

@inproceedings{tian2014full,
  title={A full GPU virtualization solution with mediated pass-through},
  author={Tian, Kun and Dong, Yaozu and Cowperthwaite, David},
  booktitle={2014 $\{$USENIX$\}$ Annual Technical Conference ($\{$USENIX$\}$$\{$ATC$\}$ 14)},
  pages={121--132},
  year={2014}
}

@article{herrera2014nvidia,
  title={NVIDIA GRID: Graphics accelerated VDI with the visual performance of a workstation},
  author={Herrera, Alex},
  journal={Nvidia Corp},
  pages={1--18},
  year={2014}
}
@INPROCEEDINGS{8672318,
  author={Gu, Jing and Song, Shengbo and Li, Ying and Luo, Hanmei},
  booktitle={2018 IEEE Intl Conf on Parallel   Distributed Processing with Applications, Ubiquitous Computing   Communications, Big Data   Cloud Computing, Social Computing   Networking, Sustainable Computing   Communications (ISPA/IUCC/BDCloud/SocialCom/SustainCom)}, 
  title={GaiaGPU: Sharing GPUs in Container Clouds}, 
  year={2018},
  volume={},
  number={},
  pages={469-476},
  doi={10.1109/BDCloud.2018.00077}
}
@article{nvidiamps,
  author          = {{NVIDIA Corporation}},
  title           = {MULTI-PROCESS SERVICE},
  journal         = {},
  volume          = {},
  number          = {},
  year            = {2020}
}